<record><leader>00000cas a22000007a 4500</leader><controlfield tag="001">13060184</controlfield><controlfield tag="008">860124d18981900wvudr ne      0    0eng d</controlfield><datafield ind1=" " ind2=" " tag="010"><subfield code="a">sn 86092142 </subfield></datafield><datafield ind1=" " ind2=" " tag="040"><subfield code="a">WVC</subfield><subfield code="b">eng</subfield><subfield code="c">WVC</subfield><subfield code="d">OCL</subfield><subfield code="d">OCLCQ</subfield></datafield><datafield ind1=" " ind2=" " tag="042"><subfield code="a">msc</subfield></datafield><datafield ind1="0" ind2="4" tag="245"><subfield code="a">The Daily mail tribune.</subfield></datafield><datafield ind1=" " ind2=" " tag="260"><subfield code="a">Charleston, W. Va. :</subfield><subfield code="b">Tribune Co.,</subfield><subfield code="c">1898-</subfield></datafield><datafield ind1=" " ind2=" " tag="300"><subfield code="a">v.</subfield></datafield><datafield ind1=" " ind2=" " tag="310"><subfield code="a">Daily (except Sunday)</subfield></datafield><datafield ind1="0" ind2=" " tag="362"><subfield code="a">Vol. 5, no. 241 (Mar. 20, 1898)-</subfield></datafield><datafield ind1="1" ind2=" " tag="362"><subfield code="a">Ceased in 1900.</subfield></datafield><datafield ind1=" " ind2=" " tag="500"><subfield code="a">Name changed after April 29, 1900 and before June 1, 1900.</subfield></datafield><datafield ind1=" " ind2=" " tag="515"><subfield code="a">Continued number of: Charleston daily mail (Charleston, W. Va. : 1896) until June 10, 1898, Vol. 5, no. 31; on June 13, 1898 was Vol. 11, no. 1 and continued with that numbering.</subfield></datafield><datafield ind1=" " ind2=" " tag="752"><subfield code="a">United States</subfield><subfield code="b">West Virginia</subfield><subfield code="c">Kanawha</subfield><subfield code="d">Charleston.</subfield></datafield><datafield ind1="0" ind2=" " tag="775"><subfield code="t">Weekly mail tribune</subfield><subfield code="w">(DLC)sn 86092128</subfield></datafield><datafield ind1="0" ind2="4" tag="780"><subfield code="t">Charleston daily mail (Charleston, W. Va. : 1896)</subfield><subfield code="w">(DLC)sn 86092141</subfield></datafield><datafield ind1="0" ind2="4" tag="780"><subfield code="t">Star daily tribune</subfield><subfield code="w">(DLC)sn 86092139</subfield></datafield><datafield ind1="0" ind2="0" tag="785"><subfield code="t">Mail tribune</subfield><subfield code="w">(DLC)sn 86092143</subfield></datafield></record>